@article{abramson2009asw,
  title={{The Alohanet - Surfing for Wireless Data [History of Communications]}},
  author={Abramson, N.},
  journal=IEEE_M_COM,
  volume={47},
  number={12},
  pages={21--25},
  year={2009}
}

@article{banchs2005ac8,
  title={{Applications and challenges of the 802. 11 e EDCA mechanism: an experimental study}},
  author={Banchs, A. and Azcorra, A. and Garc{\'\i}a, C. and Cuevas, R. and others},
  journal={IEEE Network},
  volume={19},
  number={4},
  pages={52--58},
  year={2005},
  publisher={Institute of Electrical and Electronics Engineers, Inc, 445 Hoes Ln, Piscataway, NJ, 08854-1331, USA,}
}

@article{barbrook1998htg,
    author = {Richard Barbrook},
    title = {The Hi-Tech Gift Economy},
    journal = {First Monday},
    volume = {3},
    number = {12},
    year = {1998},
    keywords = {},
    issn = {13960466},
    url = {http://ojs-prod-lib.cc.uic.edu/ojs/index.php/fm/article/view/631}
}

@inproceedings{barcelo2008lba,
  title={{Learning-BEB: Avoiding Collisions in WLAN}},
  author={J. Barcelo and B. Bellalta and C. Cano and M. Oliver},
  booktitle={Eunice},
  year={2008},
}

@inproceedings{barcelo2009cpa,
  title={{Carrier Sense Multiple Access with Enhanced Collision Avoidance: a Performance Analysis}},
  author={J. Barcelo and B. Bellalta and C. Cano and A. Sfairopoulou and M. Oliver},
  booktitle={ACM IWCMC},
  year={2009}
}


@inproceedings{barcelo2009tpc,
  title={{Traffic Prioritization fo Carrience Sense Multiple Access with Enhanced Collision Avoidance}},
  author={J. Barcelo and B. Bellalta and C. Cano and A. Sfairopoulou and M. Oliver and J. Zuidweg},
  booktitle={MACOM},
  year={2009},
}

@inproceedings{barcelo2010fcc,
  title={{Fairness and Convergence of CSMA with Enhanced Collision Avoidance}},
  author={J. Barcelo and A. Lopez-Toledo and C. Cano and M. Oliver},
  booktitle={IEEE ICC},
  year={2010}
}

@inproceedings{barcelo2011tcf,
  title={{Towards a Collision-Free WLAN: Dynamic Parameter Adjustment in CSMA/E2CA}},
  author={J. Barcelo and B. Bellalta and C. Cano and A. Sfairopoulou and M. Oliver},
  booktitle={EURASIP Journal on Wireless Communications and Networking},
  year={2011},
}

@article{battiti2005wireless,
  title={Wireless LANs: from warchalking to open access networks},
  author={Battiti, Roberto and Cigno, Renato Lo and Sabel, Mikalai and Orava, Fredrik and Pehrson, Bj{\"o}rn},
  journal={Mobile Networks and Applications},
  volume={10},
  number={3},
  pages={275--287},
  year={2005},
  publisher={Kluwer Academic Publishers}
}


@article{bauwens2009class,
  title={Class and capital in peer production},
  author={Bauwens, Michel},
  journal={Capital \& class},
  volume={33},
  number={1},
  pages={121--141},
  year={2009},
  publisher={SAGE Publications}
}

@inproceedings{bellalta2009vtc,
  title={{CSMA with Enhanced Collision Avoidance: a Performance Assessment}},
  author={J. Barcelo and B. Bellalta and A. Sfairopoulou and C. Cano and M. Oliver},
  booktitle={IEEE VTC Spring},
  year={2009},
}

@inproceedings{bellalta2005smi,
  author =   {B. Bellalta and M. Oliver and M. Meo and M. Guerrero},
  title =  "{A Simple Model of the IEEE 802.11 MAC Protocol with Heterogeneous Traffic Flows}",
  booktitle = {IEEE Eurocon},
  address = { Belgrade, Serbia and Montenegro},
  year =   {2005}
}


@book{bellamy1982dt,
  title={{Digital Telephony}},
  author={Bellamy, J.C.},
  publisher={Wiley-Interscience},
  year={1982}
}

@book{bertsekas1992dn,
  title={{Data Networks}},
  author={D. Bertsekas and R. Gallager},
  year={1992},
  publisher={Upper Saddle River, NJ: Prentice-Hall}
}


@article{bianchi2000pai,
  title={{Performance Analysis of the IEEE 802.11 Distributed Coordination Function}},
  author={Bianchi, G.},
  journal=IEEE_J_JSAC,
  volume={18},
  number={3},
  pages={535--547},
  year={2000}
}  

@conference{bianchi2003kfe,
  title={{Kalman filter estimation of the number of competing terminals in an IEEE 802.11 network}},
  author={Bianchi, G. and Tinnirello, I.},
  booktitle={IEEE INFOCOM},
  volume={2},
  pages={844--852},
  year={2003},
  organization={INSTITUTE OF ELECTRICAL ENGINEERS INC (IEEE)}
}


@article{cali2000dti,
  title={{Dynamic Tuning of the IEEE 802.11 Protocol to Achieve a Theoretical Throughput Limit}},
  author={Cali, F. and Conti, M. and Gregori, E. and Aleph, P.},
  journal=IEEE_J_NET,
  volume={8},
  number={6},
  pages={785--799},
  year={2000}
}

@article{choi2005eei,
  title={{EBA: An Enhancement of the IEEE 802. 11 DCF via Distributed Reservation}},
  author={Choi, J. and Yoo, J. and Choi, S. and Kim, C.},
  journal=IEEE_J_MC,
  volume={4},
  number={4},
  pages={378--390},
  year={2005},
  publisher={Institute of Electrical and Electronics Engineers}
}

@conference{choi2008dbr,
  title={{Distributed Backoff Reservation and Scheduling for Collision Mitigation in IEEE 802.11 WLANs}},
  author={Choi, E. and Lee, W.},
  booktitle={ICOIN},
  pages={1--5},
  year={2008}
}


@inproceedings{crowther1973sbc,
  title={{A System for Broadcast Communication: Reservation-ALOHA}},
  author={Crowther, W. and Rettberg, R. and Walden, D. and Ornstein, S. and Heart, F.},
  booktitle={Hawaii Int. Conf. Syst. Sci},
  pages={596--603},
  year={1973}
}

@article{duffy2011dcs,
  author    = {K. R. Duffy and
               C. Bordenave and
               Douglas J. Leith},
  title     = {{Decentralized Constraint Satisfaction}},
  journal   = {Networking, IEEE transactions on},
  year={to appear. Available in IEEE Xplore}
}

@BOOK{eaton2002gom,
  author =     "John W. Eaton",
  title =      "GNU Octave Manual",
  publisher =  "Network Theory Limited",
  year =       "2002",
  isbn =       "0-9541617-2-6"
}

@article{fang2011dlm,
  title={{Decentralised Learning MACs for Collision-free Access in WLANs}},
  author={Fang, M. and Malone, D. and Duffy, K.R. and Leith, D.J.},
  journal={Wireless Networks},
  publisher={Springer},
  year={to appear. Available in SpringerLink.}
}

@book{feller1968ipt,
  title={An Introduction to Probability Theory and Its Applications. Volume I.},
  author={Feller, W.},
  year={1968},
  publisher={Wiley, John \& Sons, Inc.}
}

@inproceedings{forzati2010open,
  title={Open access networks, the Swedish experience},
  author={Forzati, M and Larsen, C Popp and Mattson, C},
  booktitle={International Conference on Transparent Optical Networks (ICTON), Munich, Germany},
  year={2010}
}

@article{gong2012asd,
  title={{Addressing Slot Drift in Decentralized Collision Free Access Schemes for WLANs}},
  author={Gong, W. and Malone, D.},
  journal={Multiple Access Communications},
  pages={146--157},
  year={2012},
  publisher={Springer}
}

@article{goodman1989prm,
  title={{Packet Reservation Multiple Access for Local Wireless Communications}},
  author={Goodman, DJ and Valenzuela, RA and Gayliard, KT and Ramamurthi, B.},
  journal=IEEE_J_COM,
  volume={37},
  number={8},
  pages={885--890},
  year={1989}
}

@article{gringoli2010ofw,
  author = {Francesco Gringoli and Lorenzo Nava},
  title = {{OpenFWWF: OpenFirmWare for WiFi networks}},
  howpublished = "\url{http://www.ing.unibs.it/~openfwwf/}",
  year = {2010}, 
  note = "[Online; accessed 25-March-2011]"
}

@book{grinstead1997ip,
  title={{Introduction to probability}},
  author={Grinstead, C.M. and Snell, J.L.},
  year={1997},
  publisher={American Mathematical Society}
}

@article{gurewitz2009mmo,
  title={{Measurement and Modeling of the Origins of Starvation of Congestion-Controlled Flows in Wireless Mesh Networks}},
  author={Gurewitz, O. and Mancuso, V. and Shi, J. and Knightly, E.W.},
  journal={IEEE/ACM Transactions on Networking},
  volume={17},
  number={6},
  pages={1832--1845},
  issn={1063-6692},
  year={2009},
  publisher={IEEE}
}

@article{hadzivelkov2002cid,
  title={{On the capacity of IEEE 802.11 DCF with capture in multipath-faded channels}},
  author={Hadzi-Velkov, Z. and Spasenovski, B.},
  journal={International Journal of Wireless Information Networks},
  volume={9},
  number={3},
  pages={191--199},
  year={2002},
  publisher={Springer}
}

@inproceedings{he2009srb,
  title={{Semi-Random Backoff: Towards Resource Reservation for Channel Access in Wireless LANs}},
  author={He, Y. and Yuan, R. and Sun, J. and Gong, W.},
  booktitle={IEEE ICNP},
  pages={21--30},
  year={2009},
}

@book{jain1991acs,
  title={{The Art of Computer Systems Performance Analysis}},
  author={Jain, R.},
  year={1991},
  publisher={John Wiley \& Sons New York}
}

@article{kar2004apf,
  title={{Achieving Proportional Fairness Using Local Information in Aloha Networks}},
  author={Kar, K. and Sarkar, S. and Tassiulas, L.},
  journal={IEEE Transactions on Automatic Control},
  volume={49},
  number={10},
  pages={1858--1863},
  issn={0018-9286},
  year={2004},
  publisher={IEEE}
}

@article{khan2013aso,
  title={{Autonomous Sensing Order Selection Strategies Exploiting Channel Access Information}},
  author={Khan, Z. and Lehtomaki, J. and DaSilva, L. and Latva-aho, M.},
  journal={Mobile Computing, IEEE Transactions on},
  year={to appear. Available in IEEE Xplore},
  publisher={IEEE}
}


@conference{kwon2003nmp,
  title={{A novel MAC protocol with fast collision resolution for wireless LANs}},
  author={Kwon, Y. and Fang, Y. and Latchman, H.},
  booktitle={IEEE INFOCOM},
  year={2003},
  volume={2}
}



@standard{IEEE80211-IEEESTD2007,
  title={{Wireless {LAN} Medium Access Control {(MAC)} and Physical Layer {(PHY)} Specification}},
  author={{IEEE 802.11}},
  organization= {IEEE},
  address= {Piscataway, NJ},
  number= {802.11},
  year= {2007}
};

@article{lenzen2010clock,
  title={{Clock Synchronization: Open Problems in Theory and Practice}},
  author={Lenzen, C. and Locher, T. and Sommer, P. and Wattenhofer, R.},
  journal={SOFSEM 2010: Theory and Practice of Computer Science},
  pages={61--70},
  year={2010},
  publisher={Springer}
}

@article{lopez-aguilera2010pdi,
  title={{Propagation Delay Influence in IEEE 802.11 Outdoor Networks}},
  author={Lopez-Aguilera, E. and Casademont, J. and Cotrina, J.},
  journal={Wireless Networks},
  volume={16},
  number={4},
  pages={1123--1142},
  issn={1022-0038},
  year={2010},
  publisher={Springer}
}

@article{lopez-toledo2006aoi,
  title={{Adaptive Optimization of IEEE 802.11 DCF Based on Bayesian Estimation of the Number of Competing Terminals}},
  author={Lopez-Toledo, A. and Vercauteren, T. and Wang, X.},
  journal=IEEE_J_MC,
  volume={5},
  number={9},
  pages={1283},
  year={2006},
  publisher={IEEE Computer Society}
}

@inproceedings{martorell2012pec,
  title={{On the performance evaluation of CSMA/E2CA protocol with open loop ARF-based adaptive modulation and coding}},
  author={Martorell, G. and Riera, F. and Femenias, G. and Barcelo, J. and Bellalta, B},
  booktitle={European Wireless},
  year={2012}
}

@conference{oliver2010wca,
  title = {{Wireless Commons Against the Digital Divide}},
  author = {Miquel Oliver and Zuidweg, Johan and Batikas, Michail},
  booktitle = {IEEE International Symposium on Technology and Society ISTAS},
  year = {2010},
  month = {06},
  address = {New South Wales, Australia}
}

@article{patras2009cta,
  title={{A Control Theoretic Approach for Throughput Optimization in IEEE 802.11 e EDCA WLANs}},
  author={Patras, P. and Banchs, A. and Serrano, P.},
  journal={Mobile Networks and Applications},
  pages={697--708},
  year={2009},
  publisher={Springer}
}

@article{raymond1999cb,
  title={The cathedral and the bazaar},
  author={Raymond, Eric},
  journal={Knowledge, Technology \& Policy},
  volume={12},
  number={3},
  pages={23--49},
  year={1999},
  publisher={Springer}
}


@article{sobrinho1999qsa,
  title={{Quality-of-service in ad hoc carrier sense multiple access wirelessnetworks}},
  author={Sobrinho, JL and Krishnakumar, AS},
  journal=IEEE_J_JSAC,
  volume={17},
  number={8},
  pages={1353--1368},
  year={1999}
}

@article{szpankowski1983asc,
  title={Analysis and stability considerations in a reservation multiaccess system},
  author={Szpankowski, W.},
  journal={Communications, IEEE Transactions on},
  volume={31},
  number={5},
  pages={684--692},
  year={1983},
  publisher={IEEE}
}

@article{tasaka1983spr,
  title={{Stability and performance of the R-ALOHA packet broadcast system}},
  author={Tasaka, S.},
  journal={Computers, IEEE Transactions on},
  volume={100},
  number={8},
  pages={717--726},
  year={1983},
  publisher={IEEE}
}

@article{tay2001cai,
  title={{A Capacity Analysis for the IEEE 802.11 MAC Protocol}},
  author={Tay, YC and Chua, KC},
  journal={Wireless Networks},
  volume={7},
  number={2},
  pages={159--171},
  year={2001},
  publisher={Springer}
}

@article{tobagi1987mpa,
  title={{Modeling and performance analysis of multihop packet radio networks}},
  author={Tobagi, F.A.},
  journal={Proceedings of the IEEE},
  volume={75},
  number={1},
  pages={135--155},
  issn={0018-9219},
  year={1987},
  publisher={IEEE}
}

@article{wang2004ncr,
  title={{A new collision resolution mechanism to enhance the performance of IEEE 802.11 DCF}},
  author={Wang, C. and Li, B. and Li, L.},
  journal={IEEE Transactions on Vehicular Technology},
  volume={53},
  number={4},
  pages={1235--1246},
  year={2004}
}

@article{yi2010mso,
  title={{MAC Scheduling With Low Overheads by Learning Neighborhood Contention Patterns}},
  author={Yi, Y. and De Veciana, G. and Shakkottai, S.},
  journal={IEEE/ACM Transactions on Networking},
  year={2010}
}

